<?xml version="1.0" encoding="UTF-8"?>
<OAI-PMH xmlns="http://www.openarchives.org/OAI/2.0/" xmlns:xsi="http://www.w3.org/2001/XMLSchema-instance" xsi:schemaLocation="http://www.openarchives.org/OAI/2.0/ http://www.openarchives.org/OAI/2.0/OAI-PMH.xsd">
  <ListRecords>
    <record>
      <header>
        <identifier>aleph-publish:010490807</identifier>
      </header>
      <metadata>
        <record xmlns="http://www.ddb.de/professionell/mabxml/mabxml-1.xsd">
          <leader>00000nM2.01200024------h</leader>
          <controlfield tag="LDR">00000nM2.01200024------h</controlfield>
          <controlfield tag="FMT">MH</controlfield>
          <datafield tag="001" ind1="-" ind2="1">
            <subfield code="a">HT012338254</subfield>
          </datafield>
          <datafield tag="002" ind1="a" ind2="1">
            <subfield code="a">19991120</subfield>
          </datafield>
          <datafield tag="003" ind1="-" ind2="1">
            <subfield code="a">20220903112031</subfield>
          </datafield>
          <datafield tag="020" ind1="a" ind2="1">
            <subfield code="a">903128-5</subfield>
            <subfield code="b">DNB</subfield>
          </datafield>
          <datafield tag="025" ind1="a" ind2="1">
            <subfield code="a">014967758</subfield>
          </datafield>
          <datafield tag="025" ind1="z" ind2="1">
            <subfield code="a">903128-5</subfield>
          </datafield>
          <datafield tag="026" ind1="-" ind2="1">
            <subfield code="a">ZDB903128-5</subfield>
          </datafield>
          <controlfield tag="030">a||u|||||||27</controlfield>
          <datafield tag="036" ind1="a" ind2="1">
            <subfield code="a">XD-US</subfield>
          </datafield>
          <controlfield tag="050">a|a|||||||||||</controlfield>
          <controlfield tag="052">pag||||a|||||||</controlfield>
          <datafield tag="060" ind1="-" ind2="1">
            <subfield code="b">txt</subfield>
            <subfield code="a">Text</subfield>
          </datafield>
          <datafield tag="061" ind1="-" ind2="1">
            <subfield code="b">h</subfield>
            <subfield code="a">Mikroform</subfield>
          </datafield>
          <datafield tag="061" ind1="-" ind2="1">
            <subfield code="b">n</subfield>
            <subfield code="a">ohne Hilfsmittel zu benutzen</subfield>
          </datafield>
          <datafield tag="062" ind1="-" ind2="1">
            <subfield code="b">he</subfield>
            <subfield code="a">Mikrofiche</subfield>
          </datafield>
          <datafield tag="062" ind1="-" ind2="1">
            <subfield code="b">nc</subfield>
            <subfield code="a">Band</subfield>
          </datafield>
          <datafield tag="064" ind1="a" ind2="1">
            <subfield code="a">Zeitschrift</subfield>
            <subfield code="9">(DE-588)4067488-5</subfield>
          </datafield>
          <datafield tag="064" ind1="a" ind2="1">
            <subfield code="a">Amtliche Publikation</subfield>
            <subfield code="9">(DE-588)4142300-8</subfield>
          </datafield>
          <datafield tag="070" ind1="-" ind2="1">
            <subfield code="a">9001</subfield>
          </datafield>
          <datafield tag="070" ind1="a" ind2="1">
            <subfield code="a">DNB</subfield>
          </datafield>
          <datafield tag="070" ind1="b" ind2="1">
            <subfield code="a">9999</subfield>
          </datafield>
          <datafield tag="073" ind1="-" ind2="1">
            <subfield code="a">2</subfield>
          </datafield>
          <datafield tag="076" ind1="c" ind2="1">
            <subfield code="a">sm</subfield>
          </datafield>
          <datafield tag="200" ind1="-" ind2="1">
            <subfield code="k">Pennsylvania</subfield>
            <subfield code="b">General Assembly</subfield>
            <subfield code="9">(DE-588)123031-1</subfield>
          </datafield>
          <datafield tag="201" ind1="-" ind2="1">
            <subfield code="k">General Assembly</subfield>
            <subfield code="h">Pennsylvania</subfield>
          </datafield>
          <datafield tag="331" ind1="-" ind2="1">
            <subfield code="a">Appropriation acts of the General Assembly of the Commonwealth of Pennsylvania</subfield>
          </datafield>
          <datafield tag="335" ind1="-" ind2="1">
            <subfield code="a">passed at the session of ...</subfield>
          </datafield>
          <datafield tag="375" ind1="e" ind2="1">
            <subfield code="a">Appropriation acts</subfield>
            <subfield code="f">Nebent. d. Mikrofiche-Ausg.</subfield>
          </datafield>
          <datafield tag="405" ind1="-" ind2="1">
            <subfield code="a">Nachgewiesen 1911 -</subfield>
          </datafield>
          <datafield tag="406" ind1="b" ind2="1">
            <subfield code="j">1911</subfield>
          </datafield>
          <datafield tag="419" ind1="-" ind2="1">
            <subfield code="a">Harrisburg, Pa.</subfield>
            <subfield code="c">1911-</subfield>
            <subfield code="A">3</subfield>
          </datafield>
          <datafield tag="425" ind1="b" ind2="1">
            <subfield code="a">1911</subfield>
          </datafield>
          <datafield tag="537" ind1="-" ind2="1">
            <subfield code="a">Vereinfachte Katalogisierung gem. OCLC WorldCat/Scha&lt;0001&gt;,05.12.08</subfield>
          </datafield>
          <datafield tag="610" ind1="-" ind2="1">
            <subfield code="a">Mikrofiche-Ausg.</subfield>
          </datafield>
          <datafield tag="610" ind1="a" ind2="1">
            <subfield code="a">Buffalo, NY : Hein</subfield>
          </datafield>
          <datafield tag="611" ind1="-" ind2="1">
            <subfield code="a">Mikrofiche-Ausg.</subfield>
            <subfield code="a">Buffalo, NY</subfield>
          </datafield>
          <datafield tag="613" ind1="-" ind2="1">
            <subfield code="a">Mikrofiche-Ausg.</subfield>
            <subfield code="a">Hein</subfield>
          </datafield>
          <datafield tag="614" ind1="-" ind2="1">
            <subfield code="a">Mikrofiche-Ausg.</subfield>
          </datafield>
          <datafield tag="616" ind1="-" ind2="1">
            <subfield code="a">Mikrofiche-Ausg.</subfield>
          </datafield>
          <datafield tag="700" ind1="-" ind2="1">
            <subfield code="a">330</subfield>
            <subfield code="2">ZDB</subfield>
          </datafield>
          <controlfield tag="SYS">010490807</controlfield>
        </record>
      </metadata>
    </record>
  </ListRecords>
</OAI-PMH>
